<?xml version="1.0" encoding="UTF-8"?><collection xmlns="http://www.loc.gov/MARC21/slim"><record><leader>00394nam--2200145-i-4500</leader><controlfield tag="001">000027638</controlfield><controlfield tag="002">20161230</controlfield><controlfield tag="005">20161230201036</controlfield><controlfield tag="008">060222s1000------------r-----000-0-eng-d</controlfield><datafield ind1=" " ind2=" " tag="100"><subfield code="a">Kreindler, O</subfield></datafield><datafield ind1=" " ind2=" " tag="245"><subfield code="a">Elemente de calcul vectorial</subfield></datafield><datafield ind1=" " ind2=" " tag="260"><subfield code="a">Bucuresti, Editura Tehnica, 1956, 76p</subfield></datafield><datafield ind1=" " ind2=" " tag="490"><subfield code="a">Bibl.Soc.De St.Mat.Si Fiz., R.P.R</subfield></datafield><datafield ind1=" " ind2=" " tag="852"><subfield code="a">4066</subfield><subfield code="c">512.94</subfield></datafield><datafield ind1=" " ind2=" " tag="CAT"><subfield code="a">Sys</subfield><subfield code="c">20080526</subfield><subfield code="h">101424</subfield></datafield></record></collection>